{"btc_usd":[{"type":"bid","price":42500,"amount":0.0001,"tid":205422069,"timestamp":1701677424},{"type":"bid","price":42500,"amount":0.00039824,"tid":205422068,"timestamp":1701677424},{"type":"bid","price":42499.99999998,"amount":0.0001002,"tid":205422067,"timestamp":1701677424},{"type":"bid","price":42500,"amount":0.00086163,"tid":205422066,"timestamp":1701676795},{"type":"bid","price":42500,"amount":0.0005142,"tid":205422065,"timestamp":1701676795},{"type":"bid","price":42500,"amount":0.00094146,"tid":205422064,"timestamp":1701676795},{"type":"bid","price":42499.99999998,"amount":0.0001002,"tid":205422063,"timestamp":1701676795},{"type":"bid","price":42400,"amount":0.00000001,"tid":205422062,"timestamp":1701676795},{"type":"bid","price":42400,"amount":0.00054875,"tid":205422061,"timestamp":1701675572},{"type":"bid","price":42399.99999998,"amount":0.0001002,"tid":205422060,"timestamp":1701675572},{"type":"bid","price":42400,"amount":0.00242218,"tid":205422059,"timestamp":1701674966},{"type":"bid","price":42400,"amount":0.00484693,"tid":205422058,"timestamp":1701674927},{"type":"bid","price":42400,"amount":0.00242466,"tid":205422057,"timestamp":1701674870},{"type":"bid","price":42399.9,"amount":0.00011202,"tid":205422056,"timestamp":1701674212},{"type":"ask","price":42369.68626031,"amount":0.00013511,"tid":205422055,"timestamp":1701674016},{"type":"ask","price":42400,"amount":0.00975747,"tid":205422054,"timestamp":1701673988},{"type":"ask","price":42400,"amount":0.00024253,"tid":205422053,"timestamp":1701672511},{"type":"bid","price":42500,"amount":0.00011503,"tid":205422052,"timestamp":1701671394},{"type":"bid","price":42500,"amount":0.00029299,"tid":205422051,"timestamp":1701671394},{"type":"bid","price":42500,"amount":0.00050129,"tid":205422050,"timestamp":1701671394},{"type":"bid","price":42500,"amount":0.00004844,"tid":205422049,"timestamp":1701671394},{"type":"bid","price":42499.9,"amount":0.00019659,"tid":205422048,"timestamp":1701671394},{"type":"bid","price":42500,"amount":0.00039906,"tid":205422047,"timestamp":1701671350},{"type":"bid","price":42500,"amount":0.00072396,"tid":205422046,"timestamp":1701671350},{"type":"bid","price":42500,"amount":0.00022468,"tid":205422045,"timestamp":1701671350},{"type":"bid","price":42500,"amount":0.00043924,"tid":205422044,"timestamp":1701671350},{"type":"bid","price":42500,"amount":0.00034873,"tid":205422043,"timestamp":1701671350},{"type":"bid","price":42500,"amount":0.00114605,"tid":205422042,"timestamp":1701671350},{"type":"bid","price":42500,"amount":0.00067087,"tid":205422041,"timestamp":1701671350},{"type":"bid","price":42500,"amount":0.00024669,"tid":205422040,"timestamp":1701671350},{"type":"bid","price":42500,"amount":0.00017057,"tid":205422039,"timestamp":1701671350},{"type":"bid","price":42500,"amount":0.0004194,"tid":205422038,"timestamp":1701671350},{"type":"bid","price":42500,"amount":0.00043408,"tid":205422037,"timestamp":1701671350},{"type":"bid","price":42500,"amount":0.00007475,"tid":205422036,"timestamp":1701671350},{"type":"bid","price":42499.99999998,"amount":0.0001002,"tid":205422035,"timestamp":1701671350},{"type":"bid","price":42499.89999998,"amount":0.0001002,"tid":205422034,"timestamp":1701671350},{"type":"bid","price":42499.69999,"amount":0.00098546,"tid":205422033,"timestamp":1701671350},{"type":"bid","price":42499.6,"amount":0.0006,"tid":205422032,"timestamp":1701671350},{"type":"bid","price":42191.68337681,"amount":0.00009041,"tid":205422031,"timestamp":1701671350},{"type":"ask","price":42000.1,"amount":0.00026892,"tid":205422030,"timestamp":1701670637},{"type":"ask","price":42180.5855529,"amount":0.00000003,"tid":205422029,"timestamp":1701670637},{"type":"ask","price":42180.5855529,"amount":0.00108932,"tid":205422028,"timestamp":1701670635},{"type":"bid","price":42180.5855529,"amount":0.00008039,"tid":205422027,"timestamp":1701670635},{"type":"bid","price":42180.5855529,"amount":0.00121046,"tid":205422026,"timestamp":1701670631},{"type":"ask","price":42000.10001,"amount":0.00020697,"tid":205422025,"timestamp":1701670623},{"type":"ask","price":42000.2,"amount":0.00006198,"tid":205422024,"timestamp":1701670623},{"type":"ask","price":42000.2,"amount":0.00026907,"tid":205422023,"timestamp":1701670614},{"type":"ask","price":42000.2,"amount":0.00026895,"tid":205422022,"timestamp":1701670609},{"type":"bid","price":42191.68337681,"amount":0.00120046,"tid":205422021,"timestamp":1701670600},{"type":"ask","price":42000.10001,"amount":0.0002694,"tid":205422020,"timestamp":1701670591},{"type":"ask","price":42000.1,"amount":0.00026895,"tid":205422019,"timestamp":1701670578},{"type":"ask","price":42000.1,"amount":0.00024147,"tid":205422018,"timestamp":1701670575},{"type":"ask","price":42000.1,"amount":0.0002694,"tid":205422017,"timestamp":1701670569},{"type":"ask","price":42000.1,"amount":0.00026895,"tid":205422016,"timestamp":1701670561},{"type":"ask","price":42000.1,"amount":0.00026894,"tid":205422015,"timestamp":1701670554},{"type":"ask","price":42110.8,"amount":0.00000001,"tid":205422014,"timestamp":1701670554},{"type":"ask","price":42110.8,"amount":0.00278558,"tid":205422013,"timestamp":1701670553},{"type":"ask","price":42110.8,"amount":0.0006,"tid":205422012,"timestamp":1701670553},{"type":"ask","price":42110.74582015,"amount":0.00011847,"tid":205422011,"timestamp":1701669248},{"type":"ask","price":42126.43571432,"amount":0.00006623,"tid":205422010,"timestamp":1701669248},{"type":"bid","price":42126.43571432,"amount":0.00052174,"tid":205422009,"timestamp":1701669245},{"type":"bid","price":42115.20657831,"amount":0.00001203,"tid":205422008,"timestamp":1701669245},{"type":"bid","price":42115.20657831,"amount":0.00058605,"tid":205422007,"timestamp":1701669225},{"type":"ask","price":42110.74582015,"amount":0.000135,"tid":205422006,"timestamp":1701669148},{"type":"ask","price":42110.74582015,"amount":0.000135,"tid":205422005,"timestamp":1701669146},{"type":"ask","price":42110.74582015,"amount":0.00010372,"tid":205422004,"timestamp":1701669141},{"type":"bid","price":42110.74582015,"amount":0.00057348,"tid":205422003,"timestamp":1701669138},{"type":"bid","price":42110.74582015,"amount":0.00071894,"tid":205422002,"timestamp":1701669137},{"type":"ask","price":42000.1,"amount":0.00015659,"tid":205422001,"timestamp":1701668921},{"type":"bid","price":42168.86106482,"amount":0.00023489,"tid":205422000,"timestamp":1701668744},{"type":"bid","price":42500,"amount":0.00054824,"tid":205421999,"timestamp":1701668383},{"type":"bid","price":42500,"amount":0.000125,"tid":205421998,"timestamp":1701668383},{"type":"bid","price":42500,"amount":0.0001,"tid":205421997,"timestamp":1701668383},{"type":"bid","price":42264.6,"amount":0.0008,"tid":205421996,"timestamp":1701668091},{"type":"bid","price":42222,"amount":0.0001,"tid":205421995,"timestamp":1701668091},{"type":"bid","price":42104.00000001,"amount":0.00002322,"tid":205421994,"timestamp":1701668091},{"type":"bid","price":42104.00000001,"amount":0.00068362,"tid":205421993,"timestamp":1701667866},{"type":"bid","price":42104.00000001,"amount":0.00029316,"tid":205421992,"timestamp":1701667854},{"type":"bid","price":42010.0003301,"amount":0.00031692,"tid":205421991,"timestamp":1701667736},{"type":"bid","price":42000.20026002,"amount":0.0014,"tid":205421990,"timestamp":1701667736},{"type":"bid","price":42000.20026002,"amount":0.01756949,"tid":205421989,"timestamp":1701667736},{"type":"bid","price":42000.20026002,"amount":0.0003481,"tid":205421988,"timestamp":1701667650},{"type":"bid","price":41849.49383613,"amount":0.0008465,"tid":205421987,"timestamp":1701667633},{"type":"bid","price":42000.20026002,"amount":0.00117699,"tid":205421986,"timestamp":1701667611},{"type":"bid","price":42000.20026002,"amount":0.00043031,"tid":205421985,"timestamp":1701667591},{"type":"bid","price":42000.1,"amount":0.00074668,"tid":205421984,"timestamp":1701667591},{"type":"bid","price":42000.20026002,"amount":0.00117699,"tid":205421983,"timestamp":1701667586},{"type":"bid","price":42000.20026002,"amount":0.0011754,"tid":205421982,"timestamp":1701667585},{"type":"bid","price":42000.20026002,"amount":0.00120633,"tid":205421981,"timestamp":1701667581},{"type":"bid","price":42000.20026002,"amount":0.00117699,"tid":205421980,"timestamp":1701667581},{"type":"bid","price":42000.20026002,"amount":0.0011804,"tid":205421979,"timestamp":1701667577},{"type":"bid","price":42000.20026002,"amount":0.00122148,"tid":205421978,"timestamp":1701667574},{"type":"bid","price":42000.20026002,"amount":0.00118989,"tid":205421977,"timestamp":1701667570},{"type":"bid","price":42000.20026002,"amount":0.00120664,"tid":205421976,"timestamp":1701667566},{"type":"bid","price":42000.20026002,"amount":0.00117699,"tid":205421975,"timestamp":1701667566},{"type":"bid","price":42000.20026002,"amount":0.00118516,"tid":205421974,"timestamp":1701667563},{"type":"bid","price":42000.20026002,"amount":0.00117699,"tid":205421973,"timestamp":1701667560},{"type":"bid","price":42000.20026002,"amount":0.00120165,"tid":205421972,"timestamp":1701667559},{"type":"bid","price":42000.20026002,"amount":0.00119736,"tid":205421971,"timestamp":1701667555},{"type":"bid","price":42000.20026002,"amount":0.00121531,"tid":205421970,"timestamp":1701667551},{"type":"bid","price":42000.20026002,"amount":0.00117731,"tid":205421969,"timestamp":1701667548},{"type":"bid","price":42000.20026002,"amount":0.00117869,"tid":205421968,"timestamp":1701667547},{"type":"bid","price":42000.20026002,"amount":0.0012035,"tid":205421967,"timestamp":1701667544},{"type":"bid","price":42000.20026002,"amount":0.00119565,"tid":205421966,"timestamp":1701667540},{"type":"bid","price":42000.20026002,"amount":0.00118567,"tid":205421965,"timestamp":1701667540},{"type":"bid","price":42000.20026002,"amount":0.00121001,"tid":205421964,"timestamp":1701667536},{"type":"bid","price":42000.20026002,"amount":0.00119257,"tid":205421963,"timestamp":1701667533},{"type":"bid","price":42000.20026002,"amount":0.0011995,"tid":205421962,"timestamp":1701667529},{"type":"bid","price":42000.20026002,"amount":0.00108797,"tid":205421961,"timestamp":1701667525},{"type":"bid","price":42000.20026,"amount":0.0001002,"tid":205421960,"timestamp":1701667525},{"type":"bid","price":42000.20026002,"amount":0.00120856,"tid":205421959,"timestamp":1701667522},{"type":"bid","price":42000.20026002,"amount":0.00119355,"tid":205421958,"timestamp":1701667518},{"type":"bid","price":42000.20026002,"amount":0.00121694,"tid":205421957,"timestamp":1701667514},{"type":"bid","price":42000.20026002,"amount":0.00115815,"tid":205421956,"timestamp":1701667512},{"type":"bid","price":42000.20026002,"amount":0.00119473,"tid":205421955,"timestamp":1701667511},{"type":"bid","price":42000.20026002,"amount":0.00122321,"tid":205421954,"timestamp":1701667507},{"type":"bid","price":42000.20026002,"amount":0.00115815,"tid":205421953,"timestamp":1701667505},{"type":"bid","price":42000.20026002,"amount":0.00118714,"tid":205421952,"timestamp":1701667503},{"type":"bid","price":42000.20026002,"amount":0.00115815,"tid":205421951,"timestamp":1701667500},{"type":"bid","price":42000.20026002,"amount":0.00121363,"tid":205421950,"timestamp":1701667499},{"type":"bid","price":42000.20026002,"amount":0.0011803,"tid":205421949,"timestamp":1701667494},{"type":"bid","price":42000.20026002,"amount":0.00115816,"tid":205421948,"timestamp":1701667492},{"type":"bid","price":42000.20026002,"amount":0.00121238,"tid":205421947,"timestamp":1701667491},{"type":"bid","price":42000.20026002,"amount":0.00117754,"tid":205421946,"timestamp":1701667487},{"type":"bid","price":42000.20026002,"amount":0.00115816,"tid":205421945,"timestamp":1701667487},{"type":"bid","price":42000.20026002,"amount":0.00120094,"tid":205421944,"timestamp":1701667483},{"type":"bid","price":42000.20026002,"amount":0.00117988,"tid":205421943,"timestamp":1701667480},{"type":"bid","price":42000.20026002,"amount":0.00120902,"tid":205421942,"timestamp":1701667476},{"type":"bid","price":42000.20026002,"amount":0.00116106,"tid":205421941,"timestamp":1701667474},{"type":"bid","price":42000.20026002,"amount":0.00118116,"tid":205421940,"timestamp":1701667472},{"type":"bid","price":42000.20026002,"amount":0.00120858,"tid":205421939,"timestamp":1701667468},{"type":"bid","price":42000.20026002,"amount":0.00120873,"tid":205421938,"timestamp":1701667461},{"type":"bid","price":42000.20026002,"amount":0.0011831,"tid":205421937,"timestamp":1701667457},{"type":"bid","price":42000.20026002,"amount":0.00115534,"tid":205421936,"timestamp":1701667455},{"type":"bid","price":42000.20026002,"amount":0.00121314,"tid":205421935,"timestamp":1701667453},{"type":"bid","price":42000.20026002,"amount":0.0011795,"tid":205421934,"timestamp":1701667448},{"type":"bid","price":42000.20026002,"amount":0.00121628,"tid":205421933,"timestamp":1701667444},{"type":"bid","price":42000.20026002,"amount":0.00119743,"tid":205421932,"timestamp":1701667440},{"type":"bid","price":42000.20026002,"amount":0.001211,"tid":205421931,"timestamp":1701667436},{"type":"bid","price":42000.20026002,"amount":0.00118244,"tid":205421930,"timestamp":1701667433},{"type":"bid","price":42000.20026002,"amount":0.00120804,"tid":205421929,"timestamp":1701667429},{"type":"bid","price":42000.20026002,"amount":0.00118885,"tid":205421928,"timestamp":1701667425},{"type":"bid","price":42000.20026002,"amount":0.00121387,"tid":205421927,"timestamp":1701667422},{"type":"bid","price":42000.20026002,"amount":0.06069084,"tid":205421926,"timestamp":1701667417},{"type":"bid","price":42000.1,"amount":0.01,"tid":205421925,"timestamp":1701667417},{"type":"bid","price":42000,"amount":0.00051029,"tid":205421924,"timestamp":1701667417},{"type":"bid","price":42000,"amount":0.0001,"tid":205421923,"timestamp":1701667417},{"type":"bid","price":42000,"amount":0.001,"tid":205421922,"timestamp":1701667417},{"type":"bid","price":42000,"amount":0.0001,"tid":205421921,"timestamp":1701667417},{"type":"bid","price":42000,"amount":0.0001,"tid":205421920,"timestamp":1701667417}]}